<record><leader>00000cas a22000007a 4500</leader><controlfield tag="001">10722193</controlfield><controlfield tag="008">840512c19379999azudr ne      0   a0eng d</controlfield><datafield ind1=" " ind2=" " tag="010"><subfield code="a">sn 95060848 </subfield></datafield><datafield ind1=" " ind2=" " tag="040"><subfield code="a">ATM</subfield><subfield code="b">eng</subfield><subfield code="c">ATM</subfield><subfield code="d">AZS</subfield><subfield code="d">ANN</subfield><subfield code="d">OCLCQ</subfield><subfield code="d">OCLCF</subfield><subfield code="d">OCLCO</subfield></datafield><datafield ind1="1" ind2=" " tag="029"><subfield code="a">AU@</subfield><subfield code="b">000012081693</subfield></datafield><datafield ind1=" " ind2=" " tag="037"><subfield code="b">State Press, Matthews Center, ASU, Tempe, AZ 85287.</subfield></datafield><datafield ind1=" " ind2=" " tag="042"><subfield code="a">msc</subfield></datafield><datafield ind1=" " ind2=" " tag="043"><subfield code="a">n-us-az</subfield></datafield><datafield ind1=" " ind2=" " tag="092"><subfield code="a">071</subfield><subfield code="b">S797</subfield></datafield><datafield ind1=" " ind2=" " tag="090"><subfield code="a">LD179.47a</subfield><subfield code="b">.S7x</subfield></datafield><datafield ind1="0" ind2=" " tag="130"><subfield code="a">State press (Tempe, Ariz.)</subfield></datafield><datafield ind1="1" ind2="0" tag="245"><subfield code="a">State press.</subfield></datafield><datafield ind1="1" ind2=" " tag="246"><subfield code="i">Masthead for summer sessions reads:</subfield><subfield code="a">Summer news</subfield><subfield code="f">1970-1974</subfield></datafield><datafield ind1="1" ind2=" " tag="246"><subfield code="i">Masthead for summer sessions reads:</subfield><subfield code="a">Summer state press</subfield><subfield code="f">1975-1986</subfield></datafield><datafield ind1=" " ind2=" " tag="260"><subfield code="a">Tempe, Ariz. :</subfield><subfield code="b">[s.n.],</subfield><subfield code="c">1937-</subfield></datafield><datafield ind1=" " ind2=" " tag="300"><subfield code="a">v. :</subfield><subfield code="b">ill. ;</subfield><subfield code="c">43 cm.</subfield></datafield><datafield ind1=" " ind2=" " tag="310"><subfield code="a">Daily</subfield></datafield><datafield ind1=" " ind2=" " tag="321"><subfield code="a">Weekly during the school year,</subfield><subfield code="b">1937-1949, 1951-1957</subfield></datafield><datafield ind1=" " ind2=" " tag="321"><subfield code="a">Semiweekly during the school year,</subfield><subfield code="b">1949-1951, 1957-1965, 1966-1967</subfield></datafield><datafield ind1="0" ind2=" " tag="362"><subfield code="a">Vol. 13, no. 1 (Sept. 17, 1937)-</subfield></datafield><datafield ind1=" " ind2=" " tag="515"><subfield code="a">Preceded by an unnumbered issue dated Aug. 18, 1937 called Special summer edition.</subfield></datafield><datafield ind1=" " ind2=" " tag="515"><subfield code="a">Vol. 35 repeated; vol. 42-44 omitted in numbering; other irregularities.</subfield></datafield><datafield ind1=" " ind2=" " tag="550"><subfield code="a">Issued by the students of Arizona State Teachers College at Tempe, 1937-1945; of Arizona State College at Tempe, 1945-1958; of Arizona State University, 1958-&lt;1985&gt;</subfield></datafield><datafield ind1=" " ind2="0" tag="650"><subfield code="a">College student newspapers and periodicals</subfield><subfield code="z">Arizona.</subfield></datafield><datafield ind1=" " ind2="0" tag="651"><subfield code="a">Tempe (Ariz.)</subfield><subfield code="v">Newspapers.</subfield></datafield><datafield ind1=" " ind2="0" tag="651"><subfield code="a">Maricopa County (Ariz.)</subfield><subfield code="v">Newspapers.</subfield></datafield><datafield ind1=" " ind2="7" tag="655"><subfield code="a">Newspapers.</subfield><subfield code="2">fast</subfield><subfield code="0">(OCoLC)fst01423814</subfield></datafield><datafield ind1=" " ind2="7" tag="650"><subfield code="a">College student newspapers and periodicals.</subfield><subfield code="2">fast</subfield><subfield code="0">(OCoLC)fst00867966</subfield></datafield><datafield ind1=" " ind2="7" tag="651"><subfield code="a">Arizona.</subfield><subfield code="2">fast</subfield><subfield code="0">(OCoLC)fst01204820</subfield></datafield><datafield ind1=" " ind2="7" tag="651"><subfield code="a">Arizona</subfield><subfield code="z">Maricopa County.</subfield><subfield code="2">fast</subfield><subfield code="0">(OCoLC)fst01217111</subfield></datafield><datafield ind1=" " ind2="7" tag="651"><subfield code="a">Arizona</subfield><subfield code="z">Tempe.</subfield><subfield code="2">fast</subfield><subfield code="0">(OCoLC)fst01204821</subfield></datafield><datafield ind1=" " ind2=" " tag="752"><subfield code="a">United States</subfield><subfield code="b">Arizona</subfield><subfield code="c">Maricopa</subfield><subfield code="d">Tempe.</subfield></datafield><datafield ind1="0" ind2="0" tag="780"><subfield code="t">Arizona state press</subfield><subfield code="w">(DLC)sn 95060847</subfield></datafield></record>